@article{Dasgupta06Algs,
  title={Algorithms},
  author={Dasgupta, S. and Papadimitriou, C.H. and Vazirani, U.V.},
  year={2006}
}
